@inproceedings{DBSCAN,
    author = {Ester, Martin and Kriegel, Hans-Peter and Sander, J\"{o}rg and Xu, Xiaowei},
    title = {A Density-Based Algorithm for Discovering Clusters in Large Spatial Databases with Noise},
    year = {1996},
    publisher = {AAAI Press},
    booktitle = {Proceedings of the Second International Conference on Knowledge Discovery and Data Mining},
    pages = {226–231},
    numpages = {6},
    keywords = {efficiency on large spatial databases, handling nlj4-275oise, arbitrary shape of clusters, clustering algorithms},
    location = {Portland, Oregon},
    series = {KDD’96}
}

@inproceedings{REV,
    author = {Gan, Junhao and Tao, Yufei},
    title = {DBSCAN Revisited: Mis-Claim, Un-Fixability, and Approximation},
    year = {2015},
    isbn = {9781450327589},
    publisher = {Association for Computing Machinery},
    address = {New York, NY, USA},
    url = {https://doi.org/10.1145/2723372.2737792},
    doi = {10.1145/2723372.2737792},
    booktitle = {Proceedings of the 2015 ACM SIGMOD International Conference on Management of Data},
    pages = {519–530},
    numpages = {12},
    keywords = {dbscan, density-based clustering, algorithm},
    location = {Melbourne, Victoria, Australia},
    series = {SIGMOD ’15}
}

@article{REVREV,
    author = {Schubert, Erich and Sander, J\"{o}rg and Ester, Martin and Kriegel, Hans Peter and Xu, Xiaowei},
    title = {DBSCAN Revisited, Revisited: Why and How You Should (Still) Use DBSCAN},
    year = {2017},
    issue_date = {August 2017},
    publisher = {Association for Computing Machinery},
    address = {New York, NY, USA},
    volume = {42},
    number = {3},
    issn = {0362-5915},
    url = {https://doi.org/10.1145/3068335},
    doi = {10.1145/3068335},
    journal = {ACM Trans. Database Syst.},
    month = jul,
    articleno = {Article 19},
    numpages = {21},
    keywords = {range-search complexity, density-based clustering, DBSCAN}
}


@inproceedings{R*,
    author = {Beckmann, Norbert and Kriegel, Hans-Peter and Schneider, Ralf and Seeger, Bernhard},
    title = {The R*-Tree: An Efficient and Robust Access Method for Points and Rectangles},
    year = {1990},
    isbn = {0897913655},
    publisher = {Association for Computing Machinery},
    address = {New York, NY, USA},
    url = {https://doi.org/10.1145/93597.98741},
    doi = {10.1145/93597.98741},
    booktitle = {Proceedings of the 1990 ACM SIGMOD International Conference on Management of Data},
    pages = {322–331},
    numpages = {10},
    location = {Atlantic City, New Jersey, USA},
    series = {SIGMOD ’90}
}

@INPROCEEDINGS{PPF,  
    author={K. {Khan} and S. U. {Rehman} and K. {Aziz} and S. {Fong} and S. {Sarasvady}},  
    booktitle={The Fifth International Conference on the Applications of Digital Information and Web Technologies (ICADIWT 2014)},
    title={DBSCAN: Past, present and future},
    year={2014},
    volume={},
    number={},
    pages={232-238}
}

@article{OPTICS,
    author = {Ankerst, Mihael and Breunig, Markus M. and Kriegel, Hans-Peter and Sander, J\"{o}rg},
    title = {OPTICS: Ordering Points to Identify the Clustering Structure},
    year = {1999},
    issue_date = {June 1999},
    publisher = {Association for Computing Machinery},
    address = {New York, NY, USA},
    volume = {28},
    number = {2},
    issn = {0163-5808},
    url = {https://doi.org/10.1145/304181.304187},
    doi = {10.1145/304181.304187},
    journal = {SIGMOD Rec.},
    month = jun,
    pages = {49–60},
    numpages = {12},
    keywords = {cluster analysis, database mining, visualization}
}

@article{TOP10,
	Author = {Wu, Xindong and Kumar, Vipin and Ross Quinlan, J. and Ghosh, Joydeep and Yang, Qiang and Motoda, Hiroshi and McLachlan, Geoffrey J. and Ng, Angus and Liu, Bing and Yu, Philip S. and Zhou, Zhi-Hua and Steinbach, Michael and Hand, David J. and Steinberg, Dan},
	Journal = {Knowledge and Information Systems},
	Number = {1},
	Pages = {1--37},
	Title = {Top 10 algorithms in data mining},
	Volume = {14},
	Year = {2008}
}

@article{HIER,
    title={Efficient algorithms for agglomerative hierarchical clustering methods},
    volume={1},
    ISSN={0176-4268},
    DOI={10.1007/bf01890115}, 
    number={1}, 
    journal={Journal of Classification}, 
    publisher={Journal of Classification}, 
    author={Day, William H. E. and Edelsbrunner, Herbert}, 
    year={1984}, 
    pages={7–24}
}

@article{ELKI,
  author={Erich Schubert and Arthur Zimek},
  title={ELKI: A large open-source library for data analysis - ELKI Release 0.7.5 Heidelberg},
  journal   = {CoRR},
  volume    = {abs/1902.03616},
  year      = {2019},
  url       = {http://arxiv.org/abs/1902.03616},
  archivePrefix = {arXiv},
  eprint    = {1902.03616},
  timestamp = {Tue, 21 May 2019 18:03:40 +0200},
  biburl    = {https://dblp.org/rec/journals/corr/abs-1902-03616.bib},
  bibsource = {dblp computer science bibliography, https://dblp.org}
}

@INPROCEEDINGS{PARALLEL,
  author={Y. {He} and H. {Tan} and W. {Luo} and H. {Mao} and D. {Ma} and S. {Feng} and J. {Fan}},
  booktitle={2011 IEEE 17th International Conference on Parallel and Distributed Systems}, 
  title={MR-DBSCAN: An Efficient Parallel Density-Based Clustering Algorithm Using MapReduce}, 
  year={2011},
  volume={},
  number={},
  pages={473-480},}
